% This file is a part of `gbt7714-bibtex-style`.
% I have made some modifications.
% https://github.com/zepinglee/gbt7714-bibtex-style/blob/master/test/test.bib

@article{Yuji2013N,
  title={N=2 supersymmetric dynamics for pedestrians},
  author={Yuji Tachikawa},
  journal={Lecture Notes in Physics},
  volume={890},
  year={2013},
}

